{
  "leader": "03544cam a2200553 i 4500",
  "fields": [
    {
      "001": "ocm04570504\\"
    },
    {
      "003": "OCoLC"
    },
    {
      "005": "20211102164713.0"
    },
    {
      "008": "781219m19799999nyu\\\\\\\\\\\\bf\\\\\\001\\0\\eng\\\\"
    },
    {
      "010": {
        "ind1": "\\",
        "ind2": "\\",
        "subfields": [
          {
            "a": "   78007082 "
          }
        ]
      }
    },
    {
      "040": {
        "ind1": "\\",
        "ind2": "\\",
        "subfields": [
          {
            "a": "DLC"
          },
          {
            "b": "eng"
          },
          {
            "c": "DLC"
          },
          {
            "d": "NLM"
          },
          {
            "d": "OCLCQ"
          },
          {
            "d": "MUQ"
          },
          {
            "d": "BAKER"
          },
          {
            "d": "NLGGC"
          },
          {
            "d": "BTCTA"
          },
          {
            "d": "OCLCG"
          },
          {
            "d": "YDXCP"
          },
          {
            "d": "BDX"
          },
          {
            "d": "IUL"
          },
          {
            "d": "OCLCF"
          },
          {
            "d": "CFT"
          },
          {
            "d": "OCLCQ"
          },
          {
            "d": "CFT"
          },
          {
            "d": "OCLCQ"
          },
          {
            "d": "PHUST"
          },
          {
            "d": "OCLCO"
          },
          {
            "d": "OCLCQ"
          },
          {
            "d": "CSJ"
          },
          {
            "d": "OCLCA"
          },
          {
            "d": "OCLCQ"
          },
          {
            "d": "CPO"
          },
          {
            "d": "OCLCQ"
          },
          {
            "d": "OCLCO"
          },
          {
            "d": "OCLCA"
          },
          {
            "d": "CWI"
          },
          {
            "d": "AQ3"
          },
          {
            "d": "IL4J6"
          },
          {
            "d": "OCLCO"
          }
        ]
      }
    },
    {
      "016": {
        "ind1": "7",
        "ind2": "\\",
        "subfields": [
          {
            "a": "7902381"
          },
          {
            "2": "DNLM"
          }
        ]
      }
    },
    {
      "019": {
        "ind1": "\\",
        "ind2": "\\",
        "subfields": [
          {
            "a": "4924386"
          },
          {
            "a": "6183751"
          },
          {
            "a": "501028325"
          },
          {
            "a": "919268878"
          },
          {
            "a": "959761635"
          },
          {
            "a": "1038928270"
          },
          {
            "a": "1051580708"
          },
          {
            "a": "1080687015"
          },
          {
            "a": "1121475699"
          },
          {
            "a": "1122449664"
          },
          {
            "a": "1127520320"
          },
          {
            "a": "1132892682"
          }
        ]
      }
    },
    {
      "020": {
        "ind1": "\\",
        "ind2": "\\",
        "subfields": [
          {
            "z": "046500590X"
          }
        ]
      }
    },
    {
      "020": {
        "ind1": "\\",
        "ind2": "\\",
        "subfields": [
          {
            "a": "0465005896"
          },
          {
            "q": "(v. 1)"
          }
        ]
      }
    },
    {
      "020": {
        "ind1": "\\",
        "ind2": "\\",
        "subfields": [
          {
            "a": "9780465005895"
          },
          {
            "q": "(v. 1)"
          }
        ]
      }
    },
    {
      "020": {
        "ind1": "\\",
        "ind2": "\\",
        "subfields": [
          {
            "a": "0465005918"
          },
          {
            "q": "(v. 3)"
          }
        ]
      }
    },
    {
      "020": {
        "ind1": "\\",
        "ind2": "\\",
        "subfields": [
          {
            "a": "9780465005918"
          },
          {
            "q": "(v. 3)"
          }
        ]
      }
    },
    {
      "020": {
        "ind1": "\\",
        "ind2": "\\",
        "subfields": [
          {
            "a": "9780465005901"
          }
        ]
      }
    },
    {
      "020": {
        "ind1": "\\",
        "ind2": "\\",
        "subfields": [
          {
            "a": "046500590X"
          }
        ]
      }
    },
    {
      "035": {
        "ind1": "\\",
        "ind2": "\\",
        "subfields": [
          {
            "a": "(OCoLC)4570504"
          },
          {
            "z": "(OCoLC)4924386"
          },
          {
            "z": "(OCoLC)6183751"
          },
          {
            "z": "(OCoLC)501028325"
          },
          {
            "z": "(OCoLC)919268878"
          },
          {
            "z": "(OCoLC)959761635"
          },
          {
            "z": "(OCoLC)1038928270"
          },
          {
            "z": "(OCoLC)1051580708"
          },
          {
            "z": "(OCoLC)1080687015"
          },
          {
            "z": "(OCoLC)1121475699"
          },
          {
            "z": "(OCoLC)1122449664"
          },
          {
            "z": "(OCoLC)1127520320"
          },
          {
            "z": "(OCoLC)1132892682"
          }
        ]
      }
    },
    {
      "050": {
        "ind1": "0",
        "ind2": "0",
        "subfields": [
          {
            "a": "RJ499"
          },
          {
            "b": ".B33"
          }
        ]
      }
    },
    {
      "060": {
        "ind1": "0",
        "ind2": "0",
        "subfields": [
          {
            "a": "WS 350"
          },
          {
            "b": "B311 1979"
          }
        ]
      }
    },
    {
      "082": {
        "ind1": "0",
        "ind2": "4",
        "subfields": [
          {
            "a": "618.9289"
          },
          {
            "b": "BAS"
          }
        ]
      }
    },
    {
      "245": {
        "ind1": "0",
        "ind2": "0",
        "subfields": [
          {
            "a": "Basic handbook of child psychiatry /"
          },
          {
            "c": "Joseph D. Noshpitz, editor-in-chief."
          }
        ]
      }
    },
    {
      "260": {
        "ind1": "\\",
        "ind2": "\\",
        "subfields": [
          {
            "a": "New York :"
          },
          {
            "b": "Basic Books,"
          },
          {
            "c": "\u00a91979-<c1987>"
          }
        ]
      }
    },
    {
      "300": {
        "ind1": "\\",
        "ind2": "\\",
        "subfields": [
          {
            "a": "volumes <1-5> ;"
          },
          {
            "c": "27 cm"
          }
        ]
      }
    },
    {
      "336": {
        "ind1": "\\",
        "ind2": "\\",
        "subfields": [
          {
            "a": "text"
          },
          {
            "b": "txt"
          },
          {
            "2": "rdacontent"
          }
        ]
      }
    },
    {
      "337": {
        "ind1": "\\",
        "ind2": "\\",
        "subfields": [
          {
            "a": "unmediated"
          },
          {
            "b": "n"
          },
          {
            "2": "rdamedia"
          }
        ]
      }
    },
    {
      "338": {
        "ind1": "\\",
        "ind2": "\\",
        "subfields": [
          {
            "a": "volume"
          },
          {
            "b": "nc"
          },
          {
            "2": "rdacarrier"
          }
        ]
      }
    },
    {
      "504": {
        "ind1": "\\",
        "ind2": "\\",
        "subfields": [
          {
            "a": "Includes bibliographical references and indexes."
          }
        ]
      }
    },
    {
      "505": {
        "ind1": "0",
        "ind2": "\\",
        "subfields": [
          {
            "a": "v. 1. Development.--v. 2. Disturbances in development.--v. 3. Therapeutic interventions.--v. 4. Prevention and current issues. v. 5. Advances and new directions / Justin D. Call [and others] editors."
          }
        ]
      }
    },
    {
      "505": {
        "ind1": "0",
        "ind2": "\\",
        "subfields": [
          {
            "a": "VOLUME 1: DEVELOPMENT -- Section 1. Normal Development -- Section 2. Varieties of Development -- Part A. Sociocultural Factors -- Part B. Varieties of Advantage -- Part C. Varieties of Family Structure -- Part D. The Child with Severe Handicaps -- Section 3. Assessment -- Part A. The Approach to Assessment -- Part B. Direct Examination of the Child -- Part C. Special Diagnostic Techniques -- Part D. Case Formulation and Magement -- Part E. Special Applications."
          }
        ]
      }
    },
    {
      "505": {
        "ind1": "0",
        "ind2": "\\",
        "subfields": [
          {
            "a": "VOLUME 2: DISTURBANCES IN DEVELOPMENT -- Part A. Etiology -- Part B. Nosology -- Part C. Syndromes."
          }
        ]
      }
    },
    {
      "505": {
        "ind1": "0",
        "ind2": "\\",
        "subfields": [
          {
            "a": "VOLUME 3: THERAPEUTIC INTERVENTIONS -- Part A. Individual Therapies -- Part B. Family and Group Therapies -- Part C. Counseling -- Part D. Environmental Therapies -- Part E. Consultation as Therapy -- Part F. Biological Therapies -- Part G. Special Therapeutic Considerations."
          }
        ]
      }
    },
    {
      "505": {
        "ind1": "0",
        "ind2": "\\",
        "subfields": [
          {
            "a": "VOLUME 4: PREVENTION AND CURRENT ISSUES -- Section 1. Prevention -- Part A. Primary Prevention -- Part B. Secondary Prevention -- Part C. Crisis Intervention -- Part D. Tertiary Prevention -- Section 2. Current Issues -- Part A. The Child and Family -- Part B. Changing Societal Processes -- Part C. The Field of Child Psychiatry."
          }
        ]
      }
    },
    {
      "530": {
        "ind1": "\\",
        "ind2": "\\",
        "subfields": [
          {
            "a": "Also issued online."
          }
        ]
      }
    },
    {
      "650": {
        "ind1": "\\",
        "ind2": "0",
        "subfields": [
          {
            "a": "Child psychiatry."
          }
        ]
      }
    },
    {
      "650": {
        "ind1": "\\",
        "ind2": "2",
        "subfields": [
          {
            "a": "Child Psychiatry."
          }
        ]
      }
    },
    {
      "650": {
        "ind1": "\\",
        "ind2": "7",
        "subfields": [
          {
            "a": "Child psychiatry."
          },
          {
            "2": "fast"
          },
          {
            "0": "(OCoLC)fst00854531"
          }
        ]
      }
    },
    {
      "655": {
        "ind1": "\\",
        "ind2": "2",
        "subfields": [
          {
            "a": "Handbook."
          }
        ]
      }
    },
    {
      "700": {
        "ind1": "1",
        "ind2": "\\",
        "subfields": [
          {
            "a": "Noshpitz, Joseph D.,"
          },
          {
            "d": "1922-"
          }
        ]
      }
    },
    {
      "700": {
        "ind1": "1",
        "ind2": "\\",
        "subfields": [
          {
            "a": "Call, Justin D."
          }
        ]
      }
    },
    {
      "776": {
        "ind1": "0",
        "ind2": "8",
        "subfields": [
          {
            "i": "Online version:"
          },
          {
            "t": "Basic handbook of child psychiatry."
          },
          {
            "d": "New York : Basic Books, \u00a91979-<c1987>"
          },
          {
            "w": "(OCoLC)559662476"
          }
        ]
      }
    },
    {
      "994": {
        "ind1": "\\",
        "ind2": "\\",
        "subfields": [
          {
            "a": "Z0"
          },
          {
            "b": "NYRVC"
          }
        ]
      }
    },
    {
      "948": {
        "ind1": "\\",
        "ind2": "\\",
        "subfields": [
          {
            "h": "NO HOLDINGS IN NYRVC - 694 OTHER HOLDINGS"
          }
        ]
      }
    },
    {
      "999": {
        "ind1": "\\",
        "ind2": "\\",
        "subfields": [
          {
            "a": "No barcode"
          },
          {
            "v": "v. 1"
          }
        ]
      }
    },
    {
      "999": {
        "ind1": "\\",
        "ind2": "\\",
        "subfields": [
          {
            "a": "No barcode"
          },
          {
            "v": "v. 2"
          }
        ]
      }
    },
    {
      "999": {
        "ind1": "\\",
        "ind2": "\\",
        "subfields": [
          {
            "a": "No barcode"
          },
          {
            "v": "v. 3"
          }
        ]
      }
    }
  ]
}